%start bibliography for structured coordination game here
@article{Buskens2016,
	title={Effects of Network Characteristics on Reaching the Payoff-Dominant Equilibrium in Coordination Games: A Simulation study},
	author = {Vincent Buskens and Chris Snijders},
 	journal = {Dynamic Games  and Applications},
	volume = {6},
	number = {4},
	pages = {477 - 494},
	year = {2016},
	doi = {10.1007/s13235-015-0144-4}
}
	
 @article{Tomassini2010,
	title = {Evolution of Coordination in Social Networks: A Numerical Study},
	author ={Marco Tomassini and Enea Pestelacci},
	journal  = {Internation Journal of Modern Physics C},
	volume = {21},
	number = {40},
	Pages = {1277-1296},
	year = {2010},
	doi = {10.1142/S012918311001583X}
}

@article{Szabo2016,
	title={Extensions of a spatial evolutionary coordination game with Neutral options},
	author = {Gy\"orgy Szab\'o and Bal\'azs Kir\'aly},
	journal = {Physical Review E},
	volume = {93},
	pages = {052108},
	issue = {5},
	year = {2016},
	doi = {10.1103/PhysRevE..93.052108}
}

@article{Kandori1993,
	title={Learning Mutation and Long Run Equilibria in Games},
	author ={Michihiro Kandori and George J. Mailath and Rafael Rob},
	journal = {Econometrica},
	volume = {61},
	issue = {1},
	pages = {29-56},
	year = {1993}
}

@article {Kandori1995,
	title = {Evolution of Equilibria in the Long Run: A General Theory and Applications},
	author ={Michihiro Kandori and Rafael Rob},
	journal = {Journal of Economic Theory},
	volume = {65},
	pages = {383-414},
	year = {1995}
}

@article{Robson1995,
	title = {Efficient Equilibrium Selection in Evolutionary Games with Random Matching},
	author ={Arthur J. Robson and Fernando Vega-Redando},
	journal = {Journal of Economic Theory},
	volume = {70},
	pages = {65-92},
	year = {1995}
}

@article{Ellison1993,
	title = {Learning, Local Interaction, and Coordination},
	author = {Glenn Ellison},
	journal = {Econometrica},
	volume = {61},
	number = {5},
	pages = {1047-1071},
	year = {1993}
}
	
@book{Russell1999,
	title = {Coordination Games},
	author = {Russell W. Cooper},
	publisher = {Cambridge University Press},
	year = {1999}
}
@book{Weibull1995,
	title={Evolutionary Game Theory},
	author = {J\"orgen W. Weibull},
	Publisher = {The MIT Press},
	year = {1995}
}
	
	